@INPROCEEDINGS{Plagemann07gaussianbeam,
    author 	= {Christian Plagemann and Kristian Kersting and Patrick Pfaff and Wolfram Burgard},
    title 	= {Gaussian beam processes: A nonparametric bayesian measurement model for range finders},
    booktitle 	= {In Proc. of Robotics: Science and Systems (RSS)},
    year 	= {2007},
    url  	= {http://www.roboticsproceedings.org/rss03/p18.html}
}

@INPROCEEDINGS{DataAssociation2003, 
	author={Montemerlo, M. and Thrun, S.}, 
	booktitle={International Conference on Robotics and Automation (ICRA)}, 
	title={Simultaneous localization and mapping with unknown data association using FastSLAM}, 
	year={2003}, 
	month={Sept}, 
	volume={2}, 
	pages={1985-1991 vol.2}, 
	doi={10.1109/ROBOT.2003.1241885}
}

@ARTICLE{SLAM_part1, 
	author={Durrant-Whyte, H. and Bailey, Tim}, 
	journal={Robotics Automation Magazine}, 
	title={Simultaneous localization and mapping: part I}, 
	year={2006}, 
	month={June}, 
	volume={13}, 
	number={2}, 
	pages={99-110}, 
	doi={10.1109/MRA.2006.1638022}
}

@ARTICLE{TutGraphSLAM, 
	author 	={Grisetti, G. and Kummerle, R. and Stachniss, C. and Burgard, W.}, 
	journal	={Intelligent Transportation Systems Magazine}, 
	title 	={A Tutorial on Graph-Based SLAM}, 
	year 	={2010}, 
	volume 	={2}, 
	number 	={4}, 
	pages 	={31-43}, 
	doi 	={10.1109/MITS.2010.939925} 
}

@INPROCEEDINGS{FastSLAM,
    author 	= {Michael Montemerlo and Sebastian Thrun and Daphne Koller and Ben Wegbreit},
    title 	= {FastSLAM 2.0: An Improved Particle Filtering Algorithm for Simultaneous Localization and Mapping that Provably Converges},
    booktitle 	= {International Conference on Artificial Intelligence (IJCAI)},
    year 	= {2003},
    pages 	= {1151--1156},
    url 	= {http://dl.acm.org/citation.cfm?id=1630659.1630824}
}

@inproceedings{Thrun_grid_based_1996,
 	author 		= {Thrun, Sebastian and B\"{u}, Arno},
 	title 		= {Integrating Grid-based and Topological Maps for Mobile Robot Navigation},
 	booktitle 	= {National Conference on Artificial Intelligence (AAAI)},
 	volume 		= {2},
 	year	 	= {1996},
 	pages 		= {944--950},
 	url 		= {http://dl.acm.org/citation.cfm?id=1864519.1864527}
} 

@inproceedings{Kollar_2008_Exploration_SLAM,
 	author = {Kollar, Thomas and Roy, Nicholas},
 	title = {Efficient Optimization of Information-theoretic Exploration in SLAM},
 	booktitle = {National Conference on Artificial Intelligence (AAAI)},
 	volume    = {3},
 	year = {2008},
 	pages = {1369--1375},
 	url = {http://dl.acm.org/citation.cfm?id=1620270.1620287},
} 

@article{Navigation_strategires_for_exploring_indoor_environments,
  author    = {H{\'{e}}ctor H. Gonz{\'{a}}lez{-}Ba{\~{n}}os and Jean{-}Claude Latombe},
  title     = {Navigation Strategies for Exploring Indoor Environments},
  journal   = {Internationl Journal of Robotic Research},
  year      = {2002},
  volume    = {21},
  number    = {10-11},
  pages     = {829--848},
  doi       = {http://dx.doi.org/10.1177/0278364902021010834},
}

@ARTICLE{PRM_1996, 
	author 	={Kavraki, L.E. and Svestka, P. and Latombe, J.-C. and Overmars, M.H.}, 
	journal	={Transactions on Robotics and Automation}, 
	title	={Probabilistic roadmaps for path planning in high-dimensional configuration spaces}, 
	year	={1996}, 
	month	={Aug}, 
	volume 	={12}, 
	number 	={4}, 
	pages	={566-580}, 
	doi 	={http://dx.doi.org/10.1109/70.508439}
}

@INPROCEEDINGS{RRT-SLAM, 
	author 		={Yifeng Huang and Gupta, K.}, 
	booktitle	={Intelligent Robots and Systems, 2008. IROS 2008. IEEE/RSJ International Conference on}, 
	title		={RRT-SLAM for motion planning with motion and map uncertainty for robot exploration}, 
	year 		={2008}, 
	month		={Sept}, 
	pages 		={1077-1082}, 
	doi 		={http://dx.doi.org/10.1109/IROS.2008.4651183}
}


@INPROCEEDINGS{ActivePosSLAM, 
	author 	  ={Carrillo, H. and Reid, I and Castellanos, J.A}, 
	booktitle ={International Conference on Robotics and Automation (ICRA)}, 
	title 	  ={On the comparison of uncertainty criteria for active SLAM}, 
	year 	  ={2012}, 
	month 	  ={May}, 
	pages 	  ={2080-2087}, 
	doi       ={http://dx.doi.org/10.1109/ICRA.2012.6224890}
}

@INPROCEEDINGS{Active_SLAM_Uncertainty_compar, 
	author		={Carrillo, H. and Reid, I and Castellanos, J.A}, 
	booktitle	={International Conference on Robotics and Automation (ICRA)}, 
	title		={On the comparison of uncertainty criteria for active SLAM}, 
	year		={2012}, 
	month		={May}, 
	pages		={2080-2087}, 
	doi		={http://dx.doi.org/10.1109/ICRA.2012.6224890}
}

@article{tovar_plannin,
  	author 	= {Tovar, Benjamin and Munoz-Gomez, Lourdes and Murrieta-Cid, Rafael and Alencastre-Miranda, Moises and Monroy, Raul and Hutchinson, Seth},
  	journal = {Robotics and Autonomous Systems (RAS)},
  	number  = 4,
  	pages 	= {314-331},
  	title 	= {Planning exploration strategies for simultaneous localization and mapping.},
   	volume 	= 54,
  	year 	= 2006,
	url 	= {http://dblp.uni-trier.de/db/journals/ras/ras54.html#TovarMMAMH06}
}

@INPROCEEDINGS{KL_SLAM_exploration_PF, 
	author 		={Carlone, L. and Jingjing Du and Ng, M.K. and Bona, B. and Indri, M.}, 
	booktitle	={International Conference on Intelligent Robots and Systems (IROS)}, 
	title		={An application of Kullback-Leibler divergence to active SLAM and exploration with Particle Filters}, 
	year		={2010}, 
	month 		={Oct}, 
	pages 		={287-293}, 
	doi 		={http://dx.doi.org/10.1109/IROS.2010.5652164}
}

@INPROCEEDINGS{Thrun02particlefilters,
    	author 		= {Sebastian Thrun},
    	title 		= {Particle Filters in Robotics},
    	booktitle 	= {Annual Conference on Uncertainty in AI (UAI},
    	volume 		= {17},
    	year 		= {2002},
	doi     	= {doi=10.1.1.20.567}
}

@INPROCEEDINGS{negative_info_markov_localisation, 
	author		={Hoffman, J. and Spranger, M. and Gohring, D. and Jungel, M.}, 
	booktitle	={International Conference on Intelligent Robots and Systems (IROS)}, 
	title		={Making use of what you don't see: negative information in Markov localization}, 
	year		={2005}, 
	month		={Aug}, 
	pages		={2947-2952}, 
	doi		={http://dx.doi.org/10.1109/IROS.2005.1545087}
}

@INPROCEEDINGS{NegInfoFurtherStudies, 
	author		={Hoffmann, J. and Spranger, M. and Gohring, D. and Jungel, M. and Burkhard, Hans-Dieter}, 
	booktitle	={International Conference on Robotics and Automation (ICRA)}, 
	title		={Further studies on the use of negative information in mobile robot localization}, 
	year		={2006}, 
	month		={May}, 
	pages		={62-67}, 
	doi		={http://dx.doi.org/10.1109/ROBOT.2006.1641162}
}

@INPROCEEDINGS{deChambrier2013, 
	author 		={de Chambrier, G. and Billard, A.}, 
	booktitle	={International Conference on Robotics and Biomimetics (ROBIO)}, 
	title 		={Learning search behaviour from humans}, 
	year 		={2013}, 
	month 		={Dec}, 
	pages 		={573-580}, 
	doi 		={http://dx.doi.org/10.1109/ROBIO.2013.6739521}
}

@inproceedings{BayesBall,
 	author  	= {Shachter, Ross D.},
 	title  		= {Bayes-ball: Rational Pastime (for Determining Irrelevance and Requisite Information in Belief Networks and Influence Diagrams)},
 	booktitle  	= {Conference on Uncertainty in Artificial Intelligence (UAI)},
 	year  		= {1998},
 	pages  		= {480--487},
 	url  		= {http://dl.acm.org/citation.cfm?id=2074094.2074151},
} 

@ARTICLE{PF_tutorial_2002, 
	author		={Arulampalam, M.S. and Maskell, S. and Gordon, N. and Clapp, T.}, 
	journal		={Transactions on Signal Processing}, 
	title 		={A tutorial on particle filters for online nonlinear/non-Gaussian Bayesian tracking}, 
	year 		={2002}, 
	month 		={Feb}, 
	volume 		={50}, 
	number 		={2}, 
	pages 		={174-188}, 
	doi 		={10.1109/78.978374} 
}

@incollection{SLAM_HBR,
  	author    = {Sebastian Thrun and John J. Leonard},
  	title     = {Simultaneous Localization and Mapping},
  	booktitle = {Springer Handbook of Robotics},
  	year      = {2008},
  	pages     = {871-889},
  	doi       = {http://dx.doi.org/10.1007/978-3-540-30301-5_38}
}

@BOOK{Thrun_Burgard_Fox_2005,
  	author 		= {Thrun, Sebastian and Burgard, Wolfram and Fox, Dieter},
  	title 		= {Probabilistic Robotics (Intelligent Robotics and Autonomous Agents)},
  	publisher 	= {The MIT Press},
  	year 		= {2005}
}

@InProceedings{stachniss05robotics,
  	TITLE 		=	 {Information Gain-based Exploration Using Rao-Blackwellized Particle Filters},
  	AUTHOR 		=	 {Stachniss, C. and Grisetti, G. and Burgard, W.},
  	BOOKTITLE 	=	 {Robotics Science and Systems (RSS)},
  	YEAR 		=	 {2005},
	doi 		= 	 {10.1.1.134.3647}
}


@article{Ross08onlineplanning,
	author 		= {Ross, St{\'e}phane and Pineau, Joelle and Paquet, S{\'e}bastien and Chaib-draa, Brahim},
 	title 		= {Online Planning Algorithms for POMDPs},
 	journal 	= {Journal Artifcial Intelligence Research},
 	volume 		= {32},
 	number 		= {1},
 	month 		= {jul},
 	year 		= {2008},
 	pages 		= {663-704},
 	url 		= {http://dl.acm.org/citation.cfm?id=1622673.1622690}
} 

@BOOK{GeorgiosLidoris,
  	author 		= {Lidoris, Georgios},
  	title 		= {State Estimation, Planning, and Behavior Selection Under Uncertainty for Autonomous Robotic Exploration in Dynamic Environments},
  	publisher 	= {kassel university press GmbH},
  	year 		= {2011}
}

@ARTICLE{Bake_Saxe_Tene_2011,
  	author  	= {Bake, Chris and Tenenbaum, Joshua. and Saxe, Rebecca},
  	title 		= {Bayesian Theory of Mind: Modeling Joint Belief-Desire Attribution},
  	journal 	= {Journal of Cognitive Science},
  	year 		= {2011},
	doi 		= {doi=10.1.1.365.1528}
}

@article{Cadena16tro-SLAMfuture,
	title 	= {Past, Present, and Future of Simultaneous Localization And Mapping: Towards the Robust-Perception Age},
	author 	= {C. Cadena and L. Carlone and H. Carrillo and Y. Latif and D. Scaramuzza and J. Neira and I. Reid and J.J. Leonard},
	journal = {{IEEE Transactions on Robotics (TRO)}},
	year 	= {2016},
	number 	= {6},
	pages 	= {1309â€“1332},
	volume 	= {32}
}

@inproceedings{caruso2015_omni_slam,
  author 	= {D. Caruso and J. Engel and D. Cremers},
  title 	= {Large-Scale Direct SLAM for Omnidirectional Cameras},
  booktitle 	= {International Conference on Intelligent Robots and Systems (IROS)},
  month 	= {sept},
  year 		= {2015}
}

@article{ORB-SLAM_2015,
  author    = {Raul Mur{-}Artal and J. Montiel and Juan Tard{\'{o}}s},
  title     = {{ORB-SLAM:} a Versatile and Accurate Monocular {SLAM} System},
  journal   = {CoRR},
  volume    = {abs/1502.00956},
  year      = {2015},
  url       = {http://arxiv.org/abs/1502.00956},
  timestamp = {Mon, 02 Mar 2015 14:17:34 +0100},
  biburl    = {http://dblp.uni-trier.de/rec/bib/journals/corr/Mur-ArtalMT15},
  bibsource = {dblp computer science bibliography, http://dblp.org}
}

@InProceedings{RGBD_BENCHMARK_2014,
	author 		= {A. Handa and T. Whelan and J.B. McDonald and A.J. Davison},
	title 		= {A Benchmark for {RGB-D} Visual Odometry, {3D} Reconstruction and {SLAM}},
	booktitle 	= {International Conference on Robotics and Automation (ICRA)},
	month 		= {May},
	year 		= {2014}
}

@InProceedings{Online_loop_closure_2014,
	author 		= {M. Labbe and F. Michaud},
	title 		= {Online Global Loop Closure Detection for Large-Scale Multi-Session Graph-Based SLAM},
	booktitle 	= {International Conference on Robotics and Automation (ICRA)},
	month 		= {May},
	year 		= {2014},
	doi		= {10.1109/IROS.2014.6942926}
}

@ARTICLE{VAIN_2014,
	author		= {J. Hesch and D. Kottas and S. Bowman and S. Roumeliotis},
	journal		= {Transactions on Robotics (TRO)},
	title		= {Consistency Analysis and Improvement of Vision-aided Inertial Navigation},
	year		= {2014},
	volume		= {30},
	number		= {1},
	pages		= {158-176},
	doi		= {10.1109/TRO.2013.2277549},
	month		= {Feb}
}



@article{High_precision_EKF_2013,
	author 		= {Mingyang Li and Anastasios I. Mourikis},
	title 		= {High-precision, consistent EKF-based visual-inertial odometry},
	journal 	= {The International Journal of Robotics Research},
	volume 		= {32},
	number 		= {6},
	pages 		= {690-711},
	year 		= {2013},
	doi 		= {10.1177/0278364913481251}
}

@INPROCEEDINGS{Review_SLAM_2015,
	author		= {F. Hidalgo and T. BrÃ¤unl},
	booktitle	= {2015 6th International Conference on Automation, Robotics and Applications (ICARA)},
	title		= {Review of underwater SLAM techniques},
	year		= {2015},
	pages		= {306-311},
	doi		= {10.1109/ICARA.2015.7081165},
	month		= {Feb}
}


@INPROCEEDINGS{MSCKF_2007, 
	author		={ A. Mourikis and S. Roumeliotis}, 
	booktitle	= {International Conference on Robotics and Automation (ICRA)}, 
	title		= {A Multi-State Constraint Kalman Filter for Vision-aided Inertial Navigation}, 
	year		= {2007}, 
	pages		= {3565-3572}, 
	month		= {April}
}

@ARTICLE{AUV_2014, 
	author		={ L. Paull and S. Saeedi and M. Seto and H. Li}, 
	journal		= {Journal of Oceanic Engineering}, 
	title		= {AUV Navigation and Localization: A Review}, 
	year		= {2014}, 
	volume		= {39}, 
	number		= {1}, 
	pages		= {131-149}, 
	month		= {Jan}
}


@Article{Mallios2014,
	author		="Mallios, Angelos and Ridao, Pere and Ribas, David and Hern{\'a}ndez, Emili",
	title		="Scan matching SLAM in underwater environments",
	journal		="Autonomous Robots",
	year		="2014",
	volume		="36",
	number		="3",
	pages		="181--198",
	doi		="10.1007/s10514-013-9345-0"
}


@article{SLAM_part_I_2006,
    author 	= {Durrant-Whyte, Hugh and Bailey, Tim},
    booktitle 	= {Robotics \& Automation Magazine},
    doi 	= {10.1109/mra.2006.1638022},
    journal 	= {Robotics \& Automation Magazine},
    month 	= jun,
    number 	= {2},
    pages 	= {99--110},
    title 	= {{Simultaneous Localisation and Mapping (SLAM): Part I The Essential Algorithms}},
    volume 	= {13},
    year 	= {2006}
}



@article{DBLP:journals/corr/MarinaPGE16,
  author    = {H{\'{e}}ctor Garc{\'{\i}}a de Marina and Fernando J. Pereda and Jos{\'{e}} Maria Giron{-}Sierra and Felipe Espinosa},
  title     = {{UAV} attitude estimation using Unscented Kalman Filter and {TRIAD}},
  journal   = {CoRR},
  volume    = {abs/1609.07436},
  year      = {2016}
}

@InProceedings{wan2000,
  Author         = "E.A. Wan and R. {Van Der Merwe}",
  Title          = "The Unscented Kalman Filter for Nonlinear Estimation",
  Pages          = "153--158",
  doi            = "10.1109/ASSPCC.2000.882463",
  journal        = "Adaptive Systems for Signal Processing, Communications, and Control Symposium",
  year           = 2000
}

@ARTICLE{UKF_SLAM_2013, 
	author		= {G. Huang and A. Mourikis and S. Roumeliotis}, 
	journal		= {IEEE Transactions on Robotics}, 
	title		= {A Quadratic-Complexity Observability-Constrained Unscented Kalman Filter for SLAM}, 
	year		= {2013}, 
	volume		= {29}, 
	number		= {5}, 
	pages		= {1226-1243}, 
	doi		= {10.1109/TRO.2013.2267991}, 
	month		= {Oct}
}


@article{EIF_2004,
  	title 	= {Simultaneous localization and mapping with sparse extended information filters},
  	author 	= {S. Thrun and Y. Liu and D. Koller and A.Y. Ng and Z. Ghahramani and H. Durrant-Whyte},
  	journal = {International Journal of Robotics Research}, 
  	year 	= 2004,
  	volume 	= 23,
  	number 	= {7/8},
}

@INPROCEEDINGS{SEIF_2014, 
	author		= {A. Torres-GonzÃ¡lez and J. R. M. d. Dios and A. Ollero}, 
	booktitle	= {International Conference on Robotics and Automation (ICRA)}, 
	title		= {Efficient robot-sensor network distributed SEIF range-only SLAM}, 
	year		= {2014}, 
	pages		= {1319-1326}, 
	doi		= {10.1109/ICRA.2014.6907023}, 
	month		= {May}
}



